<?xml version="1.0" encoding="UTF-8"?><collection xmlns="http://www.loc.gov/MARC21/slim"><record><leader>00426nam--2200121-i-4500</leader><controlfield tag="001">000030066</controlfield><controlfield tag="002">20161230</controlfield><controlfield tag="005">20161230201038</controlfield><controlfield tag="008">060222s1000------------r-----000-0-eng-d</controlfield><datafield ind1=" " ind2=" " tag="080"><subfield code="a">669.71-12:621.74:621.771</subfield></datafield><datafield ind1=" " ind2=" " tag="245"><subfield code="a">Laminate de aluminiu si aliaje de aluminiu.sinteza documentara d2-36.elaborator:l/hilmu.revizie tehnica:e.pauncev</subfield></datafield><datafield ind1=" " ind2=" " tag="260"><subfield code="a">Bucuresti, Centrul De Documentare Si Publicatii Tehnice, 1972. 132p</subfield></datafield><datafield ind1=" " ind2=" " tag="852"><subfield code="a">36669</subfield></datafield></record></collection>